 

@Book{bib:book,
  Title                    = {Title of a book},
  Author                   = {Name Surname and Name Surname},
  Publisher                = {Publisher},
  Year                     = {2017},
  Address                  = {Hong Kong},
  ISBN                     = {83-204-3229-9-434}
}

@Book{bib:bookPython,
  Title                    = {PythonTutorial Release3.8.1},
  Author                   = {Guido van Rossum and the Python development team},
  Publisher                = {Python Software Foundation},
  Year                     = {2019},
  Address                  = {},
  ISBN                     = {}
}

@Book{bib:bookRODO,
  Title                    = {The EU General Data Protection Regulation (GDPR): A Practical Guide},
  Author                   = {Paul Voigt and Axel von dem Bussche},
  Publisher                = {Springer International Publishing},
  Year                     = {2017},
  Address                  = {Cham},
  ISBN                     = {978-3-319-57959-7}
}

@Book{bib:bookEthicalHacking,
  Title                    = {Ethical Hacking and Penetration Testing Guide},
  Author                   = {Rafay Baloch},
  Publisher                = {Auerbach Publications},
  Year                     = {2014},
  Address                  = {},
  ISBN                     = {978-1-482-23161-8}
}

@Article{bib:article,
  Title                    = {Title of an article in a journal},
  Author                   = {Surname, Name and Name Surname},
  Journal                  = {Journal Title},
  Year                     = {2016},
  Number                   = {8},
  Pages                    = {1092--1113},
  Volume                   = {157}
}

@Article{bib:articleRE,
  Title                    = {Programming Techniques: Regular Expression Search Algorithm},
  Author                   = {Thompson, Ken},
  Journal                  = {Communications of the ACM},
  Year                     = {1968},
  Number                   = {6},
  Pages                    = {419-â€“422},
  Volume                   = {11}
}


@Article{bib:articleIP,
  Title                    = {Internet Protocol},
  Author                   = {},
  Journal                  = {DARPA Internet Program Protocol Specification},
  Year                     = {1981},
  Number                   = {},
  Pages                    = {},
  Volume                   = {}
}

@Article{bib:articleIPv6,
  Title                    = {Internet Protocol, Version 6 (IPv6) Specification},
  Author                   = {S. Deering, R. Hinden},
  Journal                  = {The Internet Society},
  Year                     = {2017},
  Number                   = {},
  Pages                    = {},
  Volume                   = {}
}

@Article{bib:articleIPv6Address,
  Title                    = {IP Version 6 Addressing Architecture},
  Author                   = {S. Deering, R. Hinden},
  Journal                  = {The Internet Society},
  Year                     = {1998},
  Number                   = {},
  Pages                    = {},
  Volume                   = {}
}

@Article{bib:articleDLPS,
  Title                    = {A survey on data leakage prevention systems},
  Author                   = {Alneyadi, Sultan and Elankayer Sithirasenan and Vallipuram Muthukkumarasamy},
  Journal                  = {Journal of Network and Computer Applications},
  Year                     = {2016},
  Number                   = {},
  Pages                    = {137--152},
  Volume                   = {62}
}

@Article{bib:articleImportanceOfCybersecurity,
  Title                    = {Importance of Cyber Security},
  Author                   = {Goutam, Rajesh Kumar},
  Journal                  = {International Journal of Computer Applications},
  Year                     = {2016},
  Number                   = {7},
  Pages                    = {4},
  Volume                   = {111}
}

@InProceedings{bib:conference,
  Title                    = {Title of a conference article},
  Author                   = {Name Surname and Surname, Name and N. Surname},
  Booktitle                = {Conference title},
  Year                     = {2006}, 
  Pages                    = {5346--5349}
}
 
@InProceedings{bib:conferenceRegex,
  Title                    = {Exploring Regular Expression Usage and Context in Python},
  Author                   = {Carl Chapman, Kathryn T. Stolee},
  Booktitle                = {25th International Symposium on Software Testing and Analysis},
  Year                     = {2016}, 
  Pages                    = {282--293}
}

@misc{bib:internet,
  author                   = {Name Surname and Surname, Name and N. Surname},
  title                    = {Title of a web page},
  howpublished             = {\url{http://somewhere/in/internet.html}},
  note                     = {[access date: 2019-12-23]}
}

@misc{bib:internetDLP,
  author                   = {},
  title                    = {Features: MyDLP Enterprise Edition},
  howpublished             = {\url{https://mydlp.com/features/}},
  note                     = {[access date: 2020-01-17]}
}

@misc{bib:internetJSON,
  author                   = {},
  title                    = {JSON},
  howpublished             = {\url{https://www.json.org/json-en.html}},
  note                     = {[access date: 2019-12-23]}
}

@misc{bib:internetKali,
  author                   = {},
  title                    = {What is Kali Linux?},
  howpublished             = {\url{https://www.kali.org/docs/introduction/what-is-kali-linux/}},
  note                     = {[access date: 2019-12-23]}
}

@misc{bib:internetQt,
  author                   = {},
  title                    = {Qt Designer manual},
  howpublished             = {\url{https://doc.qt.io/qt-5/qtdesigner-manual.html}},
  note                     = {[access date: 2019-12-23]}
}

@misc{bib:internetVSC,
  author                   = {Frederic Lardinois},
  title                    = {Microsoft Launches Visual Studio Code, A Free Cross-Platform Code Editor For OS X, Linux And Windows},
  howpublished             = {\url{https://techcrunch.com/2015/04/29/microsoft-shocks-the-world-with-visual-studio-code-a-free-code-editor-for-os-x-linux-and-windows/}},
  note                     = {[access date: 2019-12-23]}
}

@misc{bib:internetVSCLicence,
  author                   = {},
  title                    = {License - Visual Studio Code},
  howpublished             = {\url{https://code.visualstudio.com/license}},
  note                     = {[access date: 2019-12-23]}
}

@misc{bib:internetIdentityNumber,
  author                   = {Jim Willeke},
  title                    = {National Identification Number},
  howpublished             = {\url{https://ldapwiki.com/wiki/National%20Identification%20Number}},
  note                     = {[access date: 2019-12-23]}
}


@misc{bib:internetID,
  author                   = {},
  title                    = {Definition of Id by Merriam-Webster},
  howpublished             = {\url{https://www.merriam-webster.com/dictionary/id}},
  note                     = {[access date: 2019-12-23]}
}

@misc{bib:internetPhone,
  author                   = {},
  title                    = {Definition of telephone number by Merriam-Webster},
  howpublished             = {\url{https://www.merriam-webster.com/dictionary/telephone%20number}},
  note                     = {[access date: 2019-12-23]}
}


@misc{bib:internetDomain,
  author                   = {},
  title                    = {What is a domain name?},
  howpublished             = {\url{https://www.website.com/beginnerguide/domainnames/8/1/What-is-a-domain-name?.ws}},
  note                     = {[access date: 2019-12-23]}
}

@misc{bib:internetEmail,
  author                   = {},
  title                    = {Definition of a email address in Cambridge English Dictionatry},
  howpublished             = {\url{https://dictionary.cambridge.org/dictionary/english/email-address}},
  note                     = {[access date: 2019-12-23]}
}

@misc{bib:internetPassword,
  author                   = {},
  title                    = {Definition of a password in Cambridge English Dictionatry},
  howpublished             = {\url{https://dictionary.cambridge.org/pl/dictionary/english/password}},
  note                     = {[access date: 2019-12-23]}
}


@misc{bib:internetUsername,
  author                   = {},
  title                    = {Definition of Username at Dictionary.com},
  howpublished             = {\url{https://www.dictionary.com/browse/username}},
  note                     = {[access date: 2019-12-23]}
}

@misc{bib:internetMAC,
  author                   = {},
  title                    = {Media Access Control Address (MAC Address)},
  howpublished             = {\url{https://www.techopedia.com/definition/5301/media-access-control-address-mac-address}},
  note                     = {[access date: 2019-12-23]}
} 

